<record><leader>00000cas a2200000 a 4500</leader><controlfield tag="001">34379194</controlfield><controlfield tag="008">960316d197919uuilumr ne      0   z0eng c</controlfield><datafield ind1=" " ind2=" " tag="010"><subfield code="a">sn 96070007 </subfield></datafield><datafield ind1=" " ind2=" " tag="040"><subfield code="a">NVF</subfield><subfield code="b">eng</subfield><subfield code="c">NVF</subfield><subfield code="d">OCL</subfield><subfield code="d">OCLCQ</subfield><subfield code="d">OCLCF</subfield><subfield code="d">NVF</subfield><subfield code="d">OCLCO</subfield><subfield code="d">OCL</subfield></datafield><datafield ind1="1" ind2=" " tag="029"><subfield code="a">AU@</subfield><subfield code="b">000012366962</subfield></datafield><datafield ind1="0" ind2=" " tag="041"><subfield code="a">eng</subfield><subfield code="a">ara</subfield><subfield code="a">fre</subfield><subfield code="a">gre</subfield><subfield code="a">kor</subfield></datafield><datafield ind1=" " ind2=" " tag="042"><subfield code="a">pcc</subfield></datafield><datafield ind1=" " ind2=" " tag="043"><subfield code="a">n-us-il</subfield></datafield><datafield ind1="0" ind2="0" tag="245"><subfield code="a">Moradi international world news.</subfield></datafield><datafield ind1=" " ind2=" " tag="250"><subfield code="a">Chicago ed.</subfield></datafield><datafield ind1=" " ind2=" " tag="260"><subfield code="a">Chicago, Ill. :</subfield><subfield code="b">Moradi International</subfield></datafield><datafield ind1=" " ind2=" " tag="300"><subfield code="a">v.</subfield></datafield><datafield ind1=" " ind2=" " tag="310"><subfield code="a">Monthly</subfield></datafield><datafield ind1="1" ind2=" " tag="362"><subfield code="a">Began in 1979.</subfield></datafield><datafield ind1=" " ind2=" " tag="546"><subfield code="a">In English, with sections in Arabic, French, Greek, and Korean.</subfield></datafield><datafield ind1=" " ind2=" " tag="588"><subfield code="a">Description based on: Vol. 1, no. 15 (Mar. 15, 1980).</subfield></datafield><datafield ind1=" " ind2=" " tag="588"><subfield code="a">Latest issue consulted: Sept. 14, 1980.</subfield></datafield><datafield ind1=" " ind2="0" tag="650"><subfield code="a">Iranian Americans</subfield><subfield code="v">Newspapers.</subfield></datafield><datafield ind1=" " ind2="0" tag="651"><subfield code="a">Iran</subfield><subfield code="v">Newspapers.</subfield></datafield><datafield ind1=" " ind2="7" tag="655"><subfield code="a">Newspapers.</subfield><subfield code="2">fast</subfield><subfield code="0">(OCoLC)fst01423814</subfield></datafield><datafield ind1=" " ind2="7" tag="650"><subfield code="a">Iranian Americans.</subfield><subfield code="2">fast</subfield><subfield code="0">(OCoLC)fst00978794</subfield></datafield><datafield ind1=" " ind2="7" tag="651"><subfield code="a">Iran.</subfield><subfield code="2">fast</subfield><subfield code="0">(OCoLC)fst01204889</subfield></datafield><datafield ind1="2" ind2=" " tag="710"><subfield code="a">Moradi International.</subfield><subfield code="k">Newspapers.</subfield></datafield><datafield ind1=" " ind2=" " tag="752"><subfield code="a">United States</subfield><subfield code="b">Illinois</subfield><subfield code="c">Cook</subfield><subfield code="d">Chicago.</subfield></datafield></record>